@article{brouwer1911abbildung,
  title={{\"U}ber abbildung von mannigfaltigkeiten},
  author={Brouwer, Luitzen Egbertus Jan},
  journal={Mathematische Annalen},
  volume={71},
  number={1},
  pages={97--115},
  year={1911},
  publisher={Springer}
}
@article{greene1992locating,
  title={Locating three-dimensional roots by a bisection method},
  author={Greene, John M},
  journal={Journal of Computational Physics},
  volume={98},
  number={2},
  pages={194--198},
  year={1992},
  publisher={Elsevier}
}
@article{lau1990three,
  title={Three-dimensional kinematic reconnection in the presence of field nulls and closed field lines},
  author={Lau, Yun-Tung and Finn, John M},
  journal={The Astrophysical Journal},
  volume={350},
  pages={672--691},
  year={1990}
}
@article{parnell1996structure,
  title={The structure of three-dimensional magnetic neutral points},
  author={Parnell, CE and Smith, JM and Neukirch, T and Priest, ER},
  journal={Physics of Plasmas (1994-present)},
  volume={3},
  number={3},
  pages={759--770},
  year={1996},
  publisher={AIP Publishing}
}


@article{greene1988geometrical,
  title={Geometrical properties of three-dimensional reconnecting magnetic fields with nulls},
  author={Greene, John M},
  journal={Journal of Geophysical Research: Space Physics (1978--2012)},
  volume={93},
  number={A8},
  pages={8583--8590},
  year={1988},
  publisher={Wiley Online Library}
} 
